%YAML 1.1
%TAG !u! tag:unity3d.com,2011:
--- !u!29 &1
OcclusionCullingSettings:
  m_ObjectHideFlags: 0
  serializedVersion: 2
  m_OcclusionBakeSettings:
    smallestOccluder: 5
    smallestHole: 0.25
    backfaceThreshold: 100
  m_SceneGUID: 00000000000000000000000000000000
  m_OcclusionCullingData: {fileID: 0}
--- !u!104 &2
RenderSettings:
  m_ObjectHideFlags: 0
  serializedVersion: 9
  m_Fog: 0
  m_FogColor: {r: 0.5, g: 0.5, b: 0.5, a: 1}
  m_FogMode: 3
  m_FogDensity: 0.01
  m_LinearFogStart: 0
  m_LinearFogEnd: 300
  m_AmbientSkyColor: {r: 0.212, g: 0.227, b: 0.259, a: 1}
  m_AmbientEquatorColor: {r: 0.114, g: 0.125, b: 0.133, a: 1}
  m_AmbientGroundColor: {r: 0.047, g: 0.043, b: 0.035, a: 1}
  m_AmbientIntensity: 1
  m_AmbientMode: 0
  m_SubtractiveShadowColor: {r: 0.42, g: 0.478, b: 0.627, a: 1}
  m_SkyboxMaterial: {fileID: 0}
  m_HaloStrength: 0.5
  m_FlareStrength: 1
  m_FlareFadeSpeed: 3
  m_HaloTexture: {fileID: 0}
  m_SpotCookie: {fileID: 10001, guid: 0000000000000000e000000000000000, type: 0}
  m_DefaultReflectionMode: 0
  m_DefaultReflectionResolution: 128
  m_ReflectionBounces: 1
  m_ReflectionIntensity: 1
  m_CustomReflection: {fileID: 0}
  m_Sun: {fileID: 0}
  m_IndirectSpecularColor: {r: 0, g: 0, b: 0, a: 1}
  m_UseRadianceAmbientProbe: 0
--- !u!157 &3
LightmapSettings:
  m_ObjectHideFlags: 0
  serializedVersion: 12
  m_GIWorkflowMode: 1
  m_GISettings:
    serializedVersion: 2
    m_BounceScale: 1
    m_IndirectOutputScale: 1
    m_AlbedoBoost: 1
    m_EnvironmentLightingMode: 0
    m_EnableBakedLightmaps: 0
    m_EnableRealtimeLightmaps: 0
  m_LightmapEditorSettings:
    serializedVersion: 12
    m_Resolution: 2
    m_BakeResolution: 40
    m_AtlasSize: 1024
    m_AO: 0
    m_AOMaxDistance: 1
    m_CompAOExponent: 1
    m_CompAOExponentDirect: 0
    m_ExtractAmbientOcclusion: 0
    m_Padding: 2
    m_LightmapParameters: {fileID: 0}
    m_LightmapsBakeMode: 1
    m_TextureCompression: 1
    m_FinalGather: 0
    m_FinalGatherFiltering: 1
    m_FinalGatherRayCount: 256
    m_ReflectionCompression: 2
    m_MixedBakeMode: 2
    m_BakeBackend: 1
    m_PVRSampling: 1
    m_PVRDirectSampleCount: 32
    m_PVRSampleCount: 512
    m_PVRBounces: 2
    m_PVREnvironmentSampleCount: 256
    m_PVREnvironmentReferencePointCount: 2048
    m_PVRFilteringMode: 1
    m_PVRDenoiserTypeDirect: 1
    m_PVRDenoiserTypeIndirect: 1
    m_PVRDenoiserTypeAO: 1
    m_PVRFilterTypeDirect: 0
    m_PVRFilterTypeIndirect: 0
    m_PVRFilterTypeAO: 0
    m_PVREnvironmentMIS: 1
    m_PVRCulling: 1
    m_PVRFilteringGaussRadiusDirect: 1
    m_PVRFilteringGaussRadiusIndirect: 5
    m_PVRFilteringGaussRadiusAO: 2
    m_PVRFilteringAtrousPositionSigmaDirect: 0.5
    m_PVRFilteringAtrousPositionSigmaIndirect: 2
    m_PVRFilteringAtrousPositionSigmaAO: 1
    m_ExportTrainingData: 0
    m_TrainingDataDestination: TrainingData
    m_LightProbeSampleCountMultiplier: 4
  m_LightingDataAsset: {fileID: 0}
  m_LightingSettings: {fileID: 0}
--- !u!196 &4
NavMeshSettings:
  serializedVersion: 2
  m_ObjectHideFlags: 0
  m_BuildSettings:
    serializedVersion: 2
    agentTypeID: 0
    agentRadius: 0.5
    agentHeight: 2
    agentSlope: 45
    agentClimb: 0.4
    ledgeDropHeight: 0
    maxJumpAcrossDistance: 0
    minRegionArea: 2
    manualCellSize: 0
    cellSize: 0.16666667
    manualTileSize: 0
    tileSize: 256
    accuratePlacement: 0
    maxJobWorkers: 0
    preserveTilesOutsideBounds: 0
    debug:
      m_Flags: 0
  m_NavMeshData: {fileID: 0}
--- !u!4 &40468131 stripped
Transform:
  m_CorrespondingSourceObject: {fileID: 4395718667519839218, guid: 3b17996ec2472df469ea980d023707aa, type: 3}
  m_PrefabInstance: {fileID: 146766742}
  m_PrefabAsset: {fileID: 0}
--- !u!114 &52837237
MonoBehaviour:
  m_ObjectHideFlags: 0
  m_CorrespondingSourceObject: {fileID: 0}
  m_PrefabInstance: {fileID: 0}
  m_PrefabAsset: {fileID: 0}
  m_GameObject: {fileID: 0}
  m_Enabled: 1
  m_EditorHideFlags: 0
  m_Script: {fileID: 11500000, guid: fc1515ab76e54f068e2f2207940fab32, type: 3}
  m_Name: 
  m_EditorClassIdentifier: 
  m_Asset: {fileID: -944628639613478452, guid: 4f563e6bb1d74d244989ad3168b866bc, type: 3}
  m_ActionId: fe246895-749c-43e4-a8ef-4ed18c10fa4c
--- !u!1001 &61215820
PrefabInstance:
  m_ObjectHideFlags: 0
  serializedVersion: 2
  m_Modification:
    m_TransformParent: {fileID: 40468131}
    m_Modifications:
    - target: {fileID: 676354744991810116, guid: b266186dd0afc9d4c9996d3810b3959f, type: 3}
      propertyPath: m_RootOrder
      value: 4
      objectReference: {fileID: 0}
    - target: {fileID: 676354744991810116, guid: b266186dd0afc9d4c9996d3810b3959f, type: 3}
      propertyPath: m_LocalPosition.x
      value: -5.46
      objectReference: {fileID: 0}
    - target: {fileID: 676354744991810116, guid: b266186dd0afc9d4c9996d3810b3959f, type: 3}
      propertyPath: m_LocalPosition.y
      value: -0.6
      objectReference: {fileID: 0}
    - target: {fileID: 676354744991810116, guid: b266186dd0afc9d4c9996d3810b3959f, type: 3}
      propertyPath: m_LocalPosition.z
      value: 0
      objectReference: {fileID: 0}
    - target: {fileID: 676354744991810116, guid: b266186dd0afc9d4c9996d3810b3959f, type: 3}
      propertyPath: m_LocalRotation.w
      value: 1
      objectReference: {fileID: 0}
    - target: {fileID: 676354744991810116, guid: b266186dd0afc9d4c9996d3810b3959f, type: 3}
      propertyPath: m_LocalRotation.x
      value: 0
      objectReference: {fileID: 0}
    - target: {fileID: 676354744991810116, guid: b266186dd0afc9d4c9996d3810b3959f, type: 3}
      propertyPath: m_LocalRotation.y
      value: 0
      objectReference: {fileID: 0}
    - target: {fileID: 676354744991810116, guid: b266186dd0afc9d4c9996d3810b3959f, type: 3}
      propertyPath: m_LocalRotation.z
      value: 0
      objectReference: {fileID: 0}
    - target: {fileID: 676354744991810116, guid: b266186dd0afc9d4c9996d3810b3959f, type: 3}
      propertyPath: m_LocalEulerAnglesHint.x
      value: 0
      objectReference: {fileID: 0}
    - target: {fileID: 676354744991810116, guid: b266186dd0afc9d4c9996d3810b3959f, type: 3}
      propertyPath: m_LocalEulerAnglesHint.y
      value: 0
      objectReference: {fileID: 0}
    - target: {fileID: 676354744991810116, guid: b266186dd0afc9d4c9996d3810b3959f, type: 3}
      propertyPath: m_LocalEulerAnglesHint.z
      value: 0
      objectReference: {fileID: 0}
    - target: {fileID: 1451693698586059566, guid: b266186dd0afc9d4c9996d3810b3959f, type: 3}
      propertyPath: isDevPlaced
      value: 1
      objectReference: {fileID: 0}
    - target: {fileID: 1451693698586059566, guid: b266186dd0afc9d4c9996d3810b3959f, type: 3}
      propertyPath: isDraggable
      value: 0
      objectReference: {fileID: 0}
    - target: {fileID: 1451693698586059566, guid: b266186dd0afc9d4c9996d3810b3959f, type: 3}
      propertyPath: associatedTicket
      value: 
      objectReference: {fileID: 0}
    - target: {fileID: 1451693698586059566, guid: b266186dd0afc9d4c9996d3810b3959f, type: 3}
      propertyPath: associatedFaketon
      value: 
      objectReference: {fileID: 3979051218770276316, guid: c07cafa406e352848b23088cfb5c81e6, type: 3}
    - target: {fileID: 3451117959400901692, guid: b266186dd0afc9d4c9996d3810b3959f, type: 3}
      propertyPath: m_Name
      value: Spawner
      objectReference: {fileID: 0}
    - target: {fileID: 4759970686412340624, guid: b266186dd0afc9d4c9996d3810b3959f, type: 3}
      propertyPath: m_IsActive
      value: 0
      objectReference: {fileID: 0}
    m_RemovedComponents: []
  m_SourcePrefab: {fileID: 100100000, guid: b266186dd0afc9d4c9996d3810b3959f, type: 3}
--- !u!114 &96167700
MonoBehaviour:
  m_ObjectHideFlags: 0
  m_CorrespondingSourceObject: {fileID: 0}
  m_PrefabInstance: {fileID: 0}
  m_PrefabAsset: {fileID: 0}
  m_GameObject: {fileID: 0}
  m_Enabled: 1
  m_EditorHideFlags: 0
  m_Script: {fileID: 11500000, guid: fc1515ab76e54f068e2f2207940fab32, type: 3}
  m_Name: 
  m_EditorClassIdentifier: 
  m_Asset: {fileID: -944628639613478452, guid: 4f563e6bb1d74d244989ad3168b866bc, type: 3}
  m_ActionId: 8ec7839d-2c09-4757-b258-7800f449c28b
--- !u!1001 &146766742
PrefabInstance:
  m_ObjectHideFlags: 0
  serializedVersion: 2
  m_Modification:
    m_TransformParent: {fileID: 0}
    m_Modifications:
    - target: {fileID: 227247730713073266, guid: 3b17996ec2472df469ea980d023707aa, type: 3}
      propertyPath: m_LocalScale.y
      value: 3.5412529
      objectReference: {fileID: 0}
    - target: {fileID: 227247730713073266, guid: 3b17996ec2472df469ea980d023707aa, type: 3}
      propertyPath: m_LocalPosition.y
      value: 2.273
      objectReference: {fileID: 0}
    - target: {fileID: 556650644913319550, guid: 3b17996ec2472df469ea980d023707aa, type: 3}
      propertyPath: associatedFaketon
      value: 
      objectReference: {fileID: 3979051218770276316, guid: a52caeedfe61b954fbd6f6e36882aa7f, type: 3}
    - target: {fileID: 647716569894050184, guid: 3b17996ec2472df469ea980d023707aa, type: 3}
      propertyPath: m_IsActive
      value: 0
      objectReference: {fileID: 0}
    - target: {fileID: 707618610120794291, guid: 3b17996ec2472df469ea980d023707aa, type: 3}
      propertyPath: m_AnchoredPosition.x
      value: 143.80002
      objectReference: {fileID: 0}
    - target: {fileID: 892640564606334233, guid: 3b17996ec2472df469ea980d023707aa, type: 3}
      propertyPath: m_text
      value: Nombre de fauxtons
      objectReference: {fileID: 0}
    - target: {fileID: 977489865843653714, guid: 3b17996ec2472df469ea980d023707aa, type: 3}
      propertyPath: m_SizeDelta.x
      value: 536.72
      objectReference: {fileID: 0}
    - target: {fileID: 977489865843653714, guid: 3b17996ec2472df469ea980d023707aa, type: 3}
      propertyPath: m_AnchoredPosition.x
      value: 2.02
      objectReference: {fileID: 0}
    - target: {fileID: 1783822127920407604, guid: 3b17996ec2472df469ea980d023707aa, type: 3}
      propertyPath: m_IsActive
      value: 0
      objectReference: {fileID: 0}
    - target: {fileID: 2304225686356786050, guid: 3b17996ec2472df469ea980d023707aa, type: 3}
      propertyPath: _associatedFaketon
      value: 
      objectReference: {fileID: 3979051218770276316, guid: c07cafa406e352848b23088cfb5c81e6, type: 3}
    - target: {fileID: 2420986015542613799, guid: 3b17996ec2472df469ea980d023707aa, type: 3}
      propertyPath: m_IsActive
      value: 0
      objectReference: {fileID: 0}
    - target: {fileID: 3315910529377800385, guid: 3b17996ec2472df469ea980d023707aa, type: 3}
      propertyPath: m_AnchoredPosition.x
      value: 15.4900055
      objectReference: {fileID: 0}
    - target: {fileID: 3546998651060392701, guid: 3b17996ec2472df469ea980d023707aa, type: 3}
      propertyPath: m_RootOrder
      value: 1
      objectReference: {fileID: 0}
    - target: {fileID: 3546998651060392701, guid: 3b17996ec2472df469ea980d023707aa, type: 3}
      propertyPath: m_LocalPosition.x
      value: 0
      objectReference: {fileID: 0}
    - target: {fileID: 3546998651060392701, guid: 3b17996ec2472df469ea980d023707aa, type: 3}
      propertyPath: m_LocalPosition.y
      value: 0
      objectReference: {fileID: 0}
    - target: {fileID: 3546998651060392701, guid: 3b17996ec2472df469ea980d023707aa, type: 3}
      propertyPath: m_LocalPosition.z
      value: 0
      objectReference: {fileID: 0}
    - target: {fileID: 3546998651060392701, guid: 3b17996ec2472df469ea980d023707aa, type: 3}
      propertyPath: m_LocalRotation.w
      value: 1
      objectReference: {fileID: 0}
    - target: {fileID: 3546998651060392701, guid: 3b17996ec2472df469ea980d023707aa, type: 3}
      propertyPath: m_LocalRotation.x
      value: 0
      objectReference: {fileID: 0}
    - target: {fileID: 3546998651060392701, guid: 3b17996ec2472df469ea980d023707aa, type: 3}
      propertyPath: m_LocalRotation.y
      value: 0
      objectReference: {fileID: 0}
    - target: {fileID: 3546998651060392701, guid: 3b17996ec2472df469ea980d023707aa, type: 3}
      propertyPath: m_LocalRotation.z
      value: 0
      objectReference: {fileID: 0}
    - target: {fileID: 3546998651060392701, guid: 3b17996ec2472df469ea980d023707aa, type: 3}
      propertyPath: m_LocalEulerAnglesHint.x
      value: 0
      objectReference: {fileID: 0}
    - target: {fileID: 3546998651060392701, guid: 3b17996ec2472df469ea980d023707aa, type: 3}
      propertyPath: m_LocalEulerAnglesHint.y
      value: 0
      objectReference: {fileID: 0}
    - target: {fileID: 3546998651060392701, guid: 3b17996ec2472df469ea980d023707aa, type: 3}
      propertyPath: m_LocalEulerAnglesHint.z
      value: 0
      objectReference: {fileID: 0}
    - target: {fileID: 3864498737541385970, guid: 3b17996ec2472df469ea980d023707aa, type: 3}
      propertyPath: m_RootOrder
      value: 5
      objectReference: {fileID: 0}
    - target: {fileID: 4363731197572268200, guid: 3b17996ec2472df469ea980d023707aa, type: 3}
      propertyPath: m_IsActive
      value: 0
      objectReference: {fileID: 0}
    - target: {fileID: 4395718667645593808, guid: 3b17996ec2472df469ea980d023707aa, type: 3}
      propertyPath: _book
      value: 
      objectReference: {fileID: 349629722}
    - target: {fileID: 4395718667645593808, guid: 3b17996ec2472df469ea980d023707aa, type: 3}
      propertyPath: currentLevel
      value: 1
      objectReference: {fileID: 0}
    - target: {fileID: 4395718667645593808, guid: 3b17996ec2472df469ea980d023707aa, type: 3}
      propertyPath: _dialogueManagerConfig
      value: 
      objectReference: {fileID: 475603356517545307, guid: 1ce2213fb04fe1f4fad49641f03d47c5, type: 3}
    - target: {fileID: 4395718667811697513, guid: 3b17996ec2472df469ea980d023707aa, type: 3}
      propertyPath: m_IsActive
      value: 0
      objectReference: {fileID: 0}
    - target: {fileID: 4395718668728991962, guid: 3b17996ec2472df469ea980d023707aa, type: 3}
      propertyPath: m_IsActive
      value: 1
      objectReference: {fileID: 0}
    - target: {fileID: 4406682572450485200, guid: 3b17996ec2472df469ea980d023707aa, type: 3}
      propertyPath: m_Name
      value: Level
      objectReference: {fileID: 0}
    - target: {fileID: 4570542679817989075, guid: 3b17996ec2472df469ea980d023707aa, type: 3}
      propertyPath: associatedFaketon
      value: 
      objectReference: {fileID: 3979051218770276316, guid: a52caeedfe61b954fbd6f6e36882aa7f, type: 3}
    - target: {fileID: 5019200853833926902, guid: 3b17996ec2472df469ea980d023707aa, type: 3}
      propertyPath: m_IsActive
      value: 1
      objectReference: {fileID: 0}
    - target: {fileID: 5496579488911168614, guid: 3b17996ec2472df469ea980d023707aa, type: 3}
      propertyPath: m_IsActive
      value: 1
      objectReference: {fileID: 0}
    - target: {fileID: 5496579488911168617, guid: 3b17996ec2472df469ea980d023707aa, type: 3}
      propertyPath: associatedFaketon
      value: 
      objectReference: {fileID: 3979051218770276316, guid: c07cafa406e352848b23088cfb5c81e6, type: 3}
    - target: {fileID: 5873158481551876777, guid: 3b17996ec2472df469ea980d023707aa, type: 3}
      propertyPath: m_IsActive
      value: 0
      objectReference: {fileID: 0}
    - target: {fileID: 6555453932949093465, guid: 3b17996ec2472df469ea980d023707aa, type: 3}
      propertyPath: m_IsActive
      value: 0
      objectReference: {fileID: 0}
    - target: {fileID: 7110300908881263787, guid: 3b17996ec2472df469ea980d023707aa, type: 3}
      propertyPath: associatedFaketon
      value: 
      objectReference: {fileID: 3979051218770276316, guid: c07cafa406e352848b23088cfb5c81e6, type: 3}
    - target: {fileID: 7158920583466453134, guid: 3b17996ec2472df469ea980d023707aa, type: 3}
      propertyPath: _associatedFaketon
      value: 
      objectReference: {fileID: 3979051218770276316, guid: a52caeedfe61b954fbd6f6e36882aa7f, type: 3}
    - target: {fileID: 7732657113169675373, guid: 3b17996ec2472df469ea980d023707aa, type: 3}
      propertyPath: orthographic
      value: 1
      objectReference: {fileID: 0}
    - target: {fileID: 8288585389272094379, guid: 3b17996ec2472df469ea980d023707aa, type: 3}
      propertyPath: m_AnchoredPosition.y
      value: 104
      objectReference: {fileID: 0}
    - target: {fileID: 8906360621774934626, guid: 3b17996ec2472df469ea980d023707aa, type: 3}
      propertyPath: m_IsActive
      value: 0
      objectReference: {fileID: 0}
    m_RemovedComponents: []
  m_SourcePrefab: {fileID: 100100000, guid: 3b17996ec2472df469ea980d023707aa, type: 3}
--- !u!4 &181517172 stripped
Transform:
  m_CorrespondingSourceObject: {fileID: 3546998651060392701, guid: 3b17996ec2472df469ea980d023707aa, type: 3}
  m_PrefabInstance: {fileID: 146766742}
  m_PrefabAsset: {fileID: 0}
--- !u!1 &349629722 stripped
GameObject:
  m_CorrespondingSourceObject: {fileID: 6555453932949093465, guid: 3b17996ec2472df469ea980d023707aa, type: 3}
  m_PrefabInstance: {fileID: 146766742}
  m_PrefabAsset: {fileID: 0}
--- !u!114 &350348124
MonoBehaviour:
  m_ObjectHideFlags: 0
  m_CorrespondingSourceObject: {fileID: 0}
  m_PrefabInstance: {fileID: 0}
  m_PrefabAsset: {fileID: 0}
  m_GameObject: {fileID: 0}
  m_Enabled: 1
  m_EditorHideFlags: 0
  m_Script: {fileID: 11500000, guid: fc1515ab76e54f068e2f2207940fab32, type: 3}
  m_Name: 
  m_EditorClassIdentifier: 
  m_Asset: {fileID: -944628639613478452, guid: 4f563e6bb1d74d244989ad3168b866bc, type: 3}
  m_ActionId: 50fac4bd-f3e2-4d2b-b9ae-61ed681f9fd0
--- !u!1 &459664449
GameObject:
  m_ObjectHideFlags: 0
  m_CorrespondingSourceObject: {fileID: 0}
  m_PrefabInstance: {fileID: 0}
  m_PrefabAsset: {fileID: 0}
  serializedVersion: 6
  m_Component:
  - component: {fileID: 459664452}
  - component: {fileID: 459664451}
  - component: {fileID: 459664450}
  m_Layer: 0
  m_Name: InputSystem
  m_TagString: Untagged
  m_Icon: {fileID: 0}
  m_NavMeshLayer: 0
  m_StaticEditorFlags: 0
  m_IsActive: 1
--- !u!114 &459664450
MonoBehaviour:
  m_ObjectHideFlags: 0
  m_CorrespondingSourceObject: {fileID: 0}
  m_PrefabInstance: {fileID: 0}
  m_PrefabAsset: {fileID: 0}
  m_GameObject: {fileID: 459664449}
  m_Enabled: 1
  m_EditorHideFlags: 0
  m_Script: {fileID: 11500000, guid: 01614664b831546d2ae94a42149d80ac, type: 3}
  m_Name: 
  m_EditorClassIdentifier: 
  m_MoveRepeatDelay: 0.5
  m_MoveRepeatRate: 0.1
  m_ActionsAsset: {fileID: -944628639613478452, guid: 4f563e6bb1d74d244989ad3168b866bc, type: 3}
  m_PointAction: {fileID: 8402778495978175829, guid: 4f563e6bb1d74d244989ad3168b866bc, type: 3}
  m_MoveAction: {fileID: 1061422944}
  m_SubmitAction: {fileID: 52837237}
  m_CancelAction: {fileID: 522719079}
  m_LeftClickAction: {fileID: -6739195756286946747, guid: 4f563e6bb1d74d244989ad3168b866bc, type: 3}
  m_MiddleClickAction: {fileID: 1740742710}
  m_RightClickAction: {fileID: 350348124}
  m_ScrollWheelAction: {fileID: 96167700}
  m_TrackedDevicePositionAction: {fileID: -6378580140868571729, guid: 4f563e6bb1d74d244989ad3168b866bc, type: 3}
  m_TrackedDeviceOrientationAction: {fileID: 8672720896199513552, guid: 4f563e6bb1d74d244989ad3168b866bc, type: 3}
  m_DeselectOnBackgroundClick: 1
  m_PointerBehavior: 0
--- !u!114 &459664451
MonoBehaviour:
  m_ObjectHideFlags: 0
  m_CorrespondingSourceObject: {fileID: 0}
  m_PrefabInstance: {fileID: 0}
  m_PrefabAsset: {fileID: 0}
  m_GameObject: {fileID: 459664449}
  m_Enabled: 1
  m_EditorHideFlags: 0
  m_Script: {fileID: 11500000, guid: 76c392e42b5098c458856cdf6ecaaaa1, type: 3}
  m_Name: 
  m_EditorClassIdentifier: 
  m_FirstSelected: {fileID: 0}
  m_sendNavigationEvents: 1
  m_DragThreshold: 10
--- !u!4 &459664452
Transform:
  m_ObjectHideFlags: 0
  m_CorrespondingSourceObject: {fileID: 0}
  m_PrefabInstance: {fileID: 0}
  m_PrefabAsset: {fileID: 0}
  m_GameObject: {fileID: 459664449}
  m_LocalRotation: {x: 0, y: 0, z: 0, w: 1}
  m_LocalPosition: {x: 0, y: 0, z: 0}
  m_LocalScale: {x: 1, y: 1, z: 1}
  m_Children: []
  m_Father: {fileID: 0}
  m_RootOrder: 0
  m_LocalEulerAnglesHint: {x: 0, y: 0, z: 0}
--- !u!114 &522719079
MonoBehaviour:
  m_ObjectHideFlags: 0
  m_CorrespondingSourceObject: {fileID: 0}
  m_PrefabInstance: {fileID: 0}
  m_PrefabAsset: {fileID: 0}
  m_GameObject: {fileID: 0}
  m_Enabled: 1
  m_EditorHideFlags: 0
  m_Script: {fileID: 11500000, guid: fc1515ab76e54f068e2f2207940fab32, type: 3}
  m_Name: 
  m_EditorClassIdentifier: 
  m_Asset: {fileID: -944628639613478452, guid: 4f563e6bb1d74d244989ad3168b866bc, type: 3}
  m_ActionId: ca280c52-9cab-4cdd-a34c-d03448726f76
--- !u!1001 &528307264
PrefabInstance:
  m_ObjectHideFlags: 0
  serializedVersion: 2
  m_Modification:
    m_TransformParent: {fileID: 40468131}
    m_Modifications:
    - target: {fileID: -6906562241023151682, guid: cc3a8e63fdc72fe4ba6b790c6e7ee394, type: 3}
      propertyPath: isDevPlaced
      value: 1
      objectReference: {fileID: 0}
    - target: {fileID: -6906562241023151682, guid: cc3a8e63fdc72fe4ba6b790c6e7ee394, type: 3}
      propertyPath: isDraggable
      value: 0
      objectReference: {fileID: 0}
    - target: {fileID: -6906562241023151682, guid: cc3a8e63fdc72fe4ba6b790c6e7ee394, type: 3}
      propertyPath: associatedTicket
      value: 
      objectReference: {fileID: 1579196084}
    - target: {fileID: -6906562241023151682, guid: cc3a8e63fdc72fe4ba6b790c6e7ee394, type: 3}
      propertyPath: associatedFaketon
      value: 
      objectReference: {fileID: 3979051218770276316, guid: a52caeedfe61b954fbd6f6e36882aa7f, type: 3}
    - target: {fileID: 5419492978569187516, guid: cc3a8e63fdc72fe4ba6b790c6e7ee394, type: 3}
      propertyPath: m_Name
      value: ReceptorMulti
      objectReference: {fileID: 0}
    - target: {fileID: 7290448256795172178, guid: cc3a8e63fdc72fe4ba6b790c6e7ee394, type: 3}
      propertyPath: m_IsActive
      value: 0
      objectReference: {fileID: 0}
    - target: {fileID: 7904899640065777348, guid: cc3a8e63fdc72fe4ba6b790c6e7ee394, type: 3}
      propertyPath: m_RootOrder
      value: 3
      objectReference: {fileID: 0}
    - target: {fileID: 7904899640065777348, guid: cc3a8e63fdc72fe4ba6b790c6e7ee394, type: 3}
      propertyPath: m_LocalPosition.x
      value: -0.52
      objectReference: {fileID: 0}
    - target: {fileID: 7904899640065777348, guid: cc3a8e63fdc72fe4ba6b790c6e7ee394, type: 3}
      propertyPath: m_LocalPosition.y
      value: 1.46
      objectReference: {fileID: 0}
    - target: {fileID: 7904899640065777348, guid: cc3a8e63fdc72fe4ba6b790c6e7ee394, type: 3}
      propertyPath: m_LocalPosition.z
      value: 0
      objectReference: {fileID: 0}
    - target: {fileID: 7904899640065777348, guid: cc3a8e63fdc72fe4ba6b790c6e7ee394, type: 3}
      propertyPath: m_LocalRotation.w
      value: 1
      objectReference: {fileID: 0}
    - target: {fileID: 7904899640065777348, guid: cc3a8e63fdc72fe4ba6b790c6e7ee394, type: 3}
      propertyPath: m_LocalRotation.x
      value: 0
      objectReference: {fileID: 0}
    - target: {fileID: 7904899640065777348, guid: cc3a8e63fdc72fe4ba6b790c6e7ee394, type: 3}
      propertyPath: m_LocalRotation.y
      value: 0
      objectReference: {fileID: 0}
    - target: {fileID: 7904899640065777348, guid: cc3a8e63fdc72fe4ba6b790c6e7ee394, type: 3}
      propertyPath: m_LocalRotation.z
      value: 0
      objectReference: {fileID: 0}
    - target: {fileID: 7904899640065777348, guid: cc3a8e63fdc72fe4ba6b790c6e7ee394, type: 3}
      propertyPath: m_LocalEulerAnglesHint.x
      value: 0
      objectReference: {fileID: 0}
    - target: {fileID: 7904899640065777348, guid: cc3a8e63fdc72fe4ba6b790c6e7ee394, type: 3}
      propertyPath: m_LocalEulerAnglesHint.y
      value: 0
      objectReference: {fileID: 0}
    - target: {fileID: 7904899640065777348, guid: cc3a8e63fdc72fe4ba6b790c6e7ee394, type: 3}
      propertyPath: m_LocalEulerAnglesHint.z
      value: 0
      objectReference: {fileID: 0}
    m_RemovedComponents: []
  m_SourcePrefab: {fileID: 100100000, guid: cc3a8e63fdc72fe4ba6b790c6e7ee394, type: 3}
--- !u!114 &1061422944
MonoBehaviour:
  m_ObjectHideFlags: 0
  m_CorrespondingSourceObject: {fileID: 0}
  m_PrefabInstance: {fileID: 0}
  m_PrefabAsset: {fileID: 0}
  m_GameObject: {fileID: 0}
  m_Enabled: 1
  m_EditorHideFlags: 0
  m_Script: {fileID: 11500000, guid: fc1515ab76e54f068e2f2207940fab32, type: 3}
  m_Name: 
  m_EditorClassIdentifier: 
  m_Asset: {fileID: -944628639613478452, guid: 4f563e6bb1d74d244989ad3168b866bc, type: 3}
  m_ActionId: 979f8fbc-97d5-4eab-9527-7d299c830f51
--- !u!114 &1579196084 stripped
MonoBehaviour:
  m_CorrespondingSourceObject: {fileID: 556650644913319550, guid: 3b17996ec2472df469ea980d023707aa, type: 3}
  m_PrefabInstance: {fileID: 146766742}
  m_PrefabAsset: {fileID: 0}
  m_GameObject: {fileID: 0}
  m_Enabled: 1
  m_EditorHideFlags: 0
  m_Script: {fileID: 11500000, guid: e9d066af686c34b4e913f60bfb4b9cef, type: 3}
  m_Name: 
  m_EditorClassIdentifier: 
--- !u!114 &1740742710
MonoBehaviour:
  m_ObjectHideFlags: 0
  m_CorrespondingSourceObject: {fileID: 0}
  m_PrefabInstance: {fileID: 0}
  m_PrefabAsset: {fileID: 0}
  m_GameObject: {fileID: 0}
  m_Enabled: 1
  m_EditorHideFlags: 0
  m_Script: {fileID: 11500000, guid: fc1515ab76e54f068e2f2207940fab32, type: 3}
  m_Name: 
  m_EditorClassIdentifier: 
  m_Asset: {fileID: -944628639613478452, guid: 4f563e6bb1d74d244989ad3168b866bc, type: 3}
  m_ActionId: f38f60c5-0c3a-4c3e-82d7-e71dadb932db
--- !u!1 &1918100407
GameObject:
  m_ObjectHideFlags: 0
  m_CorrespondingSourceObject: {fileID: 0}
  m_PrefabInstance: {fileID: 0}
  m_PrefabAsset: {fileID: 0}
  serializedVersion: 6
  m_Component:
  - component: {fileID: 1918100408}
  - component: {fileID: 1918100409}
  m_Layer: 0
  m_Name: Directional Light
  m_TagString: Untagged
  m_Icon: {fileID: 0}
  m_NavMeshLayer: 0
  m_StaticEditorFlags: 0
  m_IsActive: 1
--- !u!4 &1918100408
Transform:
  m_ObjectHideFlags: 0
  m_CorrespondingSourceObject: {fileID: 0}
  m_PrefabInstance: {fileID: 0}
  m_PrefabAsset: {fileID: 0}
  m_GameObject: {fileID: 1918100407}
  m_LocalRotation: {x: 0, y: 0, z: 0, w: 1}
  m_LocalPosition: {x: 0, y: 0, z: -20.64}
  m_LocalScale: {x: 1, y: 1, z: 1}
  m_Children: []
  m_Father: {fileID: 181517172}
  m_RootOrder: 3
  m_LocalEulerAnglesHint: {x: 50, y: -30, z: 0}
--- !u!108 &1918100409
Light:
  m_ObjectHideFlags: 0
  m_CorrespondingSourceObject: {fileID: 0}
  m_PrefabInstance: {fileID: 0}
  m_PrefabAsset: {fileID: 0}
  m_GameObject: {fileID: 1918100407}
  m_Enabled: 1
  serializedVersion: 10
  m_Type: 1
  m_Shape: 0
  m_Color: {r: 1, g: 1, b: 1, a: 1}
  m_Intensity: 1
  m_Range: 10
  m_SpotAngle: 30
  m_InnerSpotAngle: 21.80208
  m_CookieSize: 10
  m_Shadows:
    m_Type: 0
    m_Resolution: -1
    m_CustomResolution: -1
    m_Strength: 1
    m_Bias: 0.05
    m_NormalBias: 0.4
    m_NearPlane: 0.2
    m_CullingMatrixOverride:
      e00: 1
      e01: 0
      e02: 0
      e03: 0
      e10: 0
      e11: 1
      e12: 0
      e13: 0
      e20: 0
      e21: 0
      e22: 1
      e23: 0
      e30: 0
      e31: 0
      e32: 0
      e33: 1
    m_UseCullingMatrixOverride: 0
  m_Cookie: {fileID: 0}
  m_DrawHalo: 0
  m_Flare: {fileID: 0}
  m_RenderMode: 0
  m_CullingMask:
    serializedVersion: 2
    m_Bits: 4294967295
  m_RenderingLayerMask: 1
  m_Lightmapping: 4
  m_LightShadowCasterMode: 0
  m_AreaSize: {x: 1, y: 1}
  m_BounceIntensity: 1
  m_ColorTemperature: 6570
  m_UseColorTemperature: 0
  m_BoundingSphereOverride: {x: 0, y: 0, z: 0, w: 0}
  m_UseBoundingSphereOverride: 0
  m_UseViewFrustumForShadowCasterCull: 1
  m_ShadowRadius: 0
  m_ShadowAngle: 0
