%YAML 1.1
%TAG !u! tag:unity3d.com,2011:
--- !u!1 &3979051218770276314
GameObject:
  m_ObjectHideFlags: 0
  m_CorrespondingSourceObject: {fileID: 0}
  m_PrefabInstance: {fileID: 0}
  m_PrefabAsset: {fileID: 0}
  serializedVersion: 6
  m_Component:
  - component: {fileID: 3979051218770276317}
  - component: {fileID: 3979051218770276316}
  - component: {fileID: 7346904130649084357}
  m_Layer: 0
  m_Name: Double2
  m_TagString: Faketon
  m_Icon: {fileID: 0}
  m_NavMeshLayer: 0
  m_StaticEditorFlags: 0
  m_IsActive: 1
--- !u!4 &3979051218770276317
Transform:
  m_ObjectHideFlags: 0
  m_CorrespondingSourceObject: {fileID: 0}
  m_PrefabInstance: {fileID: 0}
  m_PrefabAsset: {fileID: 0}
  m_GameObject: {fileID: 3979051218770276314}
  m_LocalRotation: {x: 0, y: 0, z: 0, w: 1}
  m_LocalPosition: {x: 2.56, y: 1.28, z: 0}
  m_LocalScale: {x: 1, y: 1, z: 1}
  m_Children:
  - {fileID: 8976618062558031375}
  - {fileID: 2094661291607619267}
  - {fileID: 814258455313068601}
  - {fileID: 7801291161801453220}
  m_Father: {fileID: 0}
  m_RootOrder: 0
  m_LocalEulerAnglesHint: {x: 0, y: 0, z: 0}
--- !u!114 &3979051218770276316
MonoBehaviour:
  m_ObjectHideFlags: 0
  m_CorrespondingSourceObject: {fileID: 0}
  m_PrefabInstance: {fileID: 0}
  m_PrefabAsset: {fileID: 0}
  m_GameObject: {fileID: 3979051218770276314}
  m_Enabled: 1
  m_EditorHideFlags: 0
  m_Script: {fileID: 11500000, guid: 518e274e823aa21439af41f7449206f1, type: 3}
  m_Name: 
  m_EditorClassIdentifier: 
  numberOfSpatialModes: 2
  spatialModes:
  - {fileID: 8976618062558031368}
  - {fileID: 2094661291607619268}
  stateList:
  - numberOfQubits: 0200000002000000
    proba: 0.5
    phase: 1
  - numberOfQubits: 0300000001000000
    proba: 0.5
    phase: 1
  _lineMaterial: {fileID: 2100000, guid: 8546f52d04bb69d4f89f18557675c3f9, type: 2}
--- !u!120 &7346904130649084357
LineRenderer:
  m_ObjectHideFlags: 0
  m_CorrespondingSourceObject: {fileID: 0}
  m_PrefabInstance: {fileID: 0}
  m_PrefabAsset: {fileID: 0}
  m_GameObject: {fileID: 3979051218770276314}
  m_Enabled: 1
  m_CastShadows: 1
  m_ReceiveShadows: 1
  m_DynamicOccludee: 1
  m_MotionVectors: 0
  m_LightProbeUsage: 0
  m_ReflectionProbeUsage: 0
  m_RayTracingMode: 0
  m_RayTraceProcedural: 0
  m_RenderingLayerMask: 257
  m_RendererPriority: 0
  m_Materials:
  - {fileID: 2100000, guid: 8546f52d04bb69d4f89f18557675c3f9, type: 2}
  m_StaticBatchInfo:
    firstSubMesh: 0
    subMeshCount: 0
  m_StaticBatchRoot: {fileID: 0}
  m_ProbeAnchor: {fileID: 0}
  m_LightProbeVolumeOverride: {fileID: 0}
  m_ScaleInLightmap: 1
  m_ReceiveGI: 1
  m_PreserveUVs: 0
  m_IgnoreNormalsForChartDetection: 0
  m_ImportantGI: 0
  m_StitchLightmapSeams: 1
  m_SelectedEditorRenderState: 3
  m_MinimumChartSize: 4
  m_AutoUVMaxDistance: 0.5
  m_AutoUVMaxAngle: 89
  m_LightmapParameters: {fileID: 0}
  m_SortingLayerID: 0
  m_SortingLayer: 0
  m_SortingOrder: 0
  m_Positions:
  - {x: 0, y: 0, z: 0}
  - {x: 0, y: 0, z: 1}
  m_Parameters:
    serializedVersion: 3
    widthMultiplier: 1
    widthCurve:
      serializedVersion: 2
      m_Curve:
      - serializedVersion: 3
        time: 0
        value: 1
        inSlope: 0
        outSlope: 0
        tangentMode: 0
        weightedMode: 0
        inWeight: 0.33333334
        outWeight: 0.33333334
      m_PreInfinity: 2
      m_PostInfinity: 2
      m_RotationOrder: 4
    colorGradient:
      serializedVersion: 2
      key0: {r: 1, g: 1, b: 1, a: 1}
      key1: {r: 1, g: 1, b: 1, a: 1}
      key2: {r: 0, g: 0, b: 0, a: 0}
      key3: {r: 0, g: 0, b: 0, a: 0}
      key4: {r: 0, g: 0, b: 0, a: 0}
      key5: {r: 0, g: 0, b: 0, a: 0}
      key6: {r: 0, g: 0, b: 0, a: 0}
      key7: {r: 0, g: 0, b: 0, a: 0}
      ctime0: 0
      ctime1: 65535
      ctime2: 0
      ctime3: 0
      ctime4: 0
      ctime5: 0
      ctime6: 0
      ctime7: 0
      atime0: 0
      atime1: 65535
      atime2: 0
      atime3: 0
      atime4: 0
      atime5: 0
      atime6: 0
      atime7: 0
      m_Mode: 0
      m_NumColorKeys: 2
      m_NumAlphaKeys: 2
    numCornerVertices: 0
    numCapVertices: 0
    alignment: 0
    textureMode: 0
    shadowBias: 0.5
    generateLightingData: 0
  m_UseWorldSpace: 1
  m_Loop: 0
--- !u!1001 &2799490037194089666
PrefabInstance:
  m_ObjectHideFlags: 0
  serializedVersion: 2
  m_Modification:
    m_TransformParent: {fileID: 3979051218770276317}
    m_Modifications:
    - target: {fileID: 5375619695730952801, guid: 68da59d7e43ccb641a59f73727a830a8, type: 3}
      propertyPath: owner
      value: 
      objectReference: {fileID: 3979051218770276316}
    - target: {fileID: 5375619695730952806, guid: 68da59d7e43ccb641a59f73727a830a8, type: 3}
      propertyPath: m_RootOrder
      value: 3
      objectReference: {fileID: 0}
    - target: {fileID: 5375619695730952806, guid: 68da59d7e43ccb641a59f73727a830a8, type: 3}
      propertyPath: m_LocalPosition.x
      value: 0
      objectReference: {fileID: 0}
    - target: {fileID: 5375619695730952806, guid: 68da59d7e43ccb641a59f73727a830a8, type: 3}
      propertyPath: m_LocalPosition.y
      value: 0
      objectReference: {fileID: 0}
    - target: {fileID: 5375619695730952806, guid: 68da59d7e43ccb641a59f73727a830a8, type: 3}
      propertyPath: m_LocalPosition.z
      value: 0
      objectReference: {fileID: 0}
    - target: {fileID: 5375619695730952806, guid: 68da59d7e43ccb641a59f73727a830a8, type: 3}
      propertyPath: m_LocalRotation.w
      value: 1
      objectReference: {fileID: 0}
    - target: {fileID: 5375619695730952806, guid: 68da59d7e43ccb641a59f73727a830a8, type: 3}
      propertyPath: m_LocalRotation.x
      value: -0
      objectReference: {fileID: 0}
    - target: {fileID: 5375619695730952806, guid: 68da59d7e43ccb641a59f73727a830a8, type: 3}
      propertyPath: m_LocalRotation.y
      value: -0
      objectReference: {fileID: 0}
    - target: {fileID: 5375619695730952806, guid: 68da59d7e43ccb641a59f73727a830a8, type: 3}
      propertyPath: m_LocalRotation.z
      value: -0
      objectReference: {fileID: 0}
    - target: {fileID: 5375619695730952806, guid: 68da59d7e43ccb641a59f73727a830a8, type: 3}
      propertyPath: m_LocalEulerAnglesHint.x
      value: 0
      objectReference: {fileID: 0}
    - target: {fileID: 5375619695730952806, guid: 68da59d7e43ccb641a59f73727a830a8, type: 3}
      propertyPath: m_LocalEulerAnglesHint.y
      value: 0
      objectReference: {fileID: 0}
    - target: {fileID: 5375619695730952806, guid: 68da59d7e43ccb641a59f73727a830a8, type: 3}
      propertyPath: m_LocalEulerAnglesHint.z
      value: 0
      objectReference: {fileID: 0}
    - target: {fileID: 5375619695730952807, guid: 68da59d7e43ccb641a59f73727a830a8, type: 3}
      propertyPath: m_Name
      value: mode (3)
      objectReference: {fileID: 0}
    m_RemovedComponents: []
  m_SourcePrefab: {fileID: 100100000, guid: 68da59d7e43ccb641a59f73727a830a8, type: 3}
--- !u!4 &7801291161801453220 stripped
Transform:
  m_CorrespondingSourceObject: {fileID: 5375619695730952806, guid: 68da59d7e43ccb641a59f73727a830a8, type: 3}
  m_PrefabInstance: {fileID: 2799490037194089666}
  m_PrefabAsset: {fileID: 0}
--- !u!1001 &3893734821087896681
PrefabInstance:
  m_ObjectHideFlags: 0
  serializedVersion: 2
  m_Modification:
    m_TransformParent: {fileID: 3979051218770276317}
    m_Modifications:
    - target: {fileID: 5375619695730952801, guid: 68da59d7e43ccb641a59f73727a830a8, type: 3}
      propertyPath: owner
      value: 
      objectReference: {fileID: 3979051218770276316}
    - target: {fileID: 5375619695730952806, guid: 68da59d7e43ccb641a59f73727a830a8, type: 3}
      propertyPath: m_RootOrder
      value: 0
      objectReference: {fileID: 0}
    - target: {fileID: 5375619695730952806, guid: 68da59d7e43ccb641a59f73727a830a8, type: 3}
      propertyPath: m_LocalPosition.x
      value: 0
      objectReference: {fileID: 0}
    - target: {fileID: 5375619695730952806, guid: 68da59d7e43ccb641a59f73727a830a8, type: 3}
      propertyPath: m_LocalPosition.y
      value: 0
      objectReference: {fileID: 0}
    - target: {fileID: 5375619695730952806, guid: 68da59d7e43ccb641a59f73727a830a8, type: 3}
      propertyPath: m_LocalPosition.z
      value: 0
      objectReference: {fileID: 0}
    - target: {fileID: 5375619695730952806, guid: 68da59d7e43ccb641a59f73727a830a8, type: 3}
      propertyPath: m_LocalRotation.w
      value: 1
      objectReference: {fileID: 0}
    - target: {fileID: 5375619695730952806, guid: 68da59d7e43ccb641a59f73727a830a8, type: 3}
      propertyPath: m_LocalRotation.x
      value: -0
      objectReference: {fileID: 0}
    - target: {fileID: 5375619695730952806, guid: 68da59d7e43ccb641a59f73727a830a8, type: 3}
      propertyPath: m_LocalRotation.y
      value: -0
      objectReference: {fileID: 0}
    - target: {fileID: 5375619695730952806, guid: 68da59d7e43ccb641a59f73727a830a8, type: 3}
      propertyPath: m_LocalRotation.z
      value: -0
      objectReference: {fileID: 0}
    - target: {fileID: 5375619695730952806, guid: 68da59d7e43ccb641a59f73727a830a8, type: 3}
      propertyPath: m_LocalEulerAnglesHint.x
      value: 0
      objectReference: {fileID: 0}
    - target: {fileID: 5375619695730952806, guid: 68da59d7e43ccb641a59f73727a830a8, type: 3}
      propertyPath: m_LocalEulerAnglesHint.y
      value: 0
      objectReference: {fileID: 0}
    - target: {fileID: 5375619695730952806, guid: 68da59d7e43ccb641a59f73727a830a8, type: 3}
      propertyPath: m_LocalEulerAnglesHint.z
      value: 0
      objectReference: {fileID: 0}
    - target: {fileID: 5375619695730952807, guid: 68da59d7e43ccb641a59f73727a830a8, type: 3}
      propertyPath: m_Name
      value: mode
      objectReference: {fileID: 0}
    m_RemovedComponents: []
  m_SourcePrefab: {fileID: 100100000, guid: 68da59d7e43ccb641a59f73727a830a8, type: 3}
--- !u!4 &8976618062558031375 stripped
Transform:
  m_CorrespondingSourceObject: {fileID: 5375619695730952806, guid: 68da59d7e43ccb641a59f73727a830a8, type: 3}
  m_PrefabInstance: {fileID: 3893734821087896681}
  m_PrefabAsset: {fileID: 0}
--- !u!114 &8976618062558031368 stripped
MonoBehaviour:
  m_CorrespondingSourceObject: {fileID: 5375619695730952801, guid: 68da59d7e43ccb641a59f73727a830a8, type: 3}
  m_PrefabInstance: {fileID: 3893734821087896681}
  m_PrefabAsset: {fileID: 0}
  m_GameObject: {fileID: 0}
  m_Enabled: 1
  m_EditorHideFlags: 0
  m_Script: {fileID: 11500000, guid: b8f4dff4852baab4f8b664de3a255700, type: 3}
  m_Name: 
  m_EditorClassIdentifier: 
--- !u!1001 &4744219369975330911
PrefabInstance:
  m_ObjectHideFlags: 0
  serializedVersion: 2
  m_Modification:
    m_TransformParent: {fileID: 3979051218770276317}
    m_Modifications:
    - target: {fileID: 5375619695730952801, guid: 68da59d7e43ccb641a59f73727a830a8, type: 3}
      propertyPath: owner
      value: 
      objectReference: {fileID: 3979051218770276316}
    - target: {fileID: 5375619695730952806, guid: 68da59d7e43ccb641a59f73727a830a8, type: 3}
      propertyPath: m_RootOrder
      value: 2
      objectReference: {fileID: 0}
    - target: {fileID: 5375619695730952806, guid: 68da59d7e43ccb641a59f73727a830a8, type: 3}
      propertyPath: m_LocalPosition.x
      value: 0
      objectReference: {fileID: 0}
    - target: {fileID: 5375619695730952806, guid: 68da59d7e43ccb641a59f73727a830a8, type: 3}
      propertyPath: m_LocalPosition.y
      value: 0
      objectReference: {fileID: 0}
    - target: {fileID: 5375619695730952806, guid: 68da59d7e43ccb641a59f73727a830a8, type: 3}
      propertyPath: m_LocalPosition.z
      value: 0
      objectReference: {fileID: 0}
    - target: {fileID: 5375619695730952806, guid: 68da59d7e43ccb641a59f73727a830a8, type: 3}
      propertyPath: m_LocalRotation.w
      value: 1
      objectReference: {fileID: 0}
    - target: {fileID: 5375619695730952806, guid: 68da59d7e43ccb641a59f73727a830a8, type: 3}
      propertyPath: m_LocalRotation.x
      value: -0
      objectReference: {fileID: 0}
    - target: {fileID: 5375619695730952806, guid: 68da59d7e43ccb641a59f73727a830a8, type: 3}
      propertyPath: m_LocalRotation.y
      value: -0
      objectReference: {fileID: 0}
    - target: {fileID: 5375619695730952806, guid: 68da59d7e43ccb641a59f73727a830a8, type: 3}
      propertyPath: m_LocalRotation.z
      value: -0
      objectReference: {fileID: 0}
    - target: {fileID: 5375619695730952806, guid: 68da59d7e43ccb641a59f73727a830a8, type: 3}
      propertyPath: m_LocalEulerAnglesHint.x
      value: 0
      objectReference: {fileID: 0}
    - target: {fileID: 5375619695730952806, guid: 68da59d7e43ccb641a59f73727a830a8, type: 3}
      propertyPath: m_LocalEulerAnglesHint.y
      value: 0
      objectReference: {fileID: 0}
    - target: {fileID: 5375619695730952806, guid: 68da59d7e43ccb641a59f73727a830a8, type: 3}
      propertyPath: m_LocalEulerAnglesHint.z
      value: 0
      objectReference: {fileID: 0}
    - target: {fileID: 5375619695730952807, guid: 68da59d7e43ccb641a59f73727a830a8, type: 3}
      propertyPath: m_Name
      value: mode (2)
      objectReference: {fileID: 0}
    m_RemovedComponents: []
  m_SourcePrefab: {fileID: 100100000, guid: 68da59d7e43ccb641a59f73727a830a8, type: 3}
--- !u!4 &814258455313068601 stripped
Transform:
  m_CorrespondingSourceObject: {fileID: 5375619695730952806, guid: 68da59d7e43ccb641a59f73727a830a8, type: 3}
  m_PrefabInstance: {fileID: 4744219369975330911}
  m_PrefabAsset: {fileID: 0}
--- !u!1001 &6308332485724568741
PrefabInstance:
  m_ObjectHideFlags: 0
  serializedVersion: 2
  m_Modification:
    m_TransformParent: {fileID: 3979051218770276317}
    m_Modifications:
    - target: {fileID: 5375619695730952801, guid: 68da59d7e43ccb641a59f73727a830a8, type: 3}
      propertyPath: owner
      value: 
      objectReference: {fileID: 3979051218770276316}
    - target: {fileID: 5375619695730952806, guid: 68da59d7e43ccb641a59f73727a830a8, type: 3}
      propertyPath: m_RootOrder
      value: 1
      objectReference: {fileID: 0}
    - target: {fileID: 5375619695730952806, guid: 68da59d7e43ccb641a59f73727a830a8, type: 3}
      propertyPath: m_LocalPosition.x
      value: 0
      objectReference: {fileID: 0}
    - target: {fileID: 5375619695730952806, guid: 68da59d7e43ccb641a59f73727a830a8, type: 3}
      propertyPath: m_LocalPosition.y
      value: 0
      objectReference: {fileID: 0}
    - target: {fileID: 5375619695730952806, guid: 68da59d7e43ccb641a59f73727a830a8, type: 3}
      propertyPath: m_LocalPosition.z
      value: 0
      objectReference: {fileID: 0}
    - target: {fileID: 5375619695730952806, guid: 68da59d7e43ccb641a59f73727a830a8, type: 3}
      propertyPath: m_LocalRotation.w
      value: 1
      objectReference: {fileID: 0}
    - target: {fileID: 5375619695730952806, guid: 68da59d7e43ccb641a59f73727a830a8, type: 3}
      propertyPath: m_LocalRotation.x
      value: -0
      objectReference: {fileID: 0}
    - target: {fileID: 5375619695730952806, guid: 68da59d7e43ccb641a59f73727a830a8, type: 3}
      propertyPath: m_LocalRotation.y
      value: -0
      objectReference: {fileID: 0}
    - target: {fileID: 5375619695730952806, guid: 68da59d7e43ccb641a59f73727a830a8, type: 3}
      propertyPath: m_LocalRotation.z
      value: -0
      objectReference: {fileID: 0}
    - target: {fileID: 5375619695730952806, guid: 68da59d7e43ccb641a59f73727a830a8, type: 3}
      propertyPath: m_LocalEulerAnglesHint.x
      value: 0
      objectReference: {fileID: 0}
    - target: {fileID: 5375619695730952806, guid: 68da59d7e43ccb641a59f73727a830a8, type: 3}
      propertyPath: m_LocalEulerAnglesHint.y
      value: 0
      objectReference: {fileID: 0}
    - target: {fileID: 5375619695730952806, guid: 68da59d7e43ccb641a59f73727a830a8, type: 3}
      propertyPath: m_LocalEulerAnglesHint.z
      value: 0
      objectReference: {fileID: 0}
    - target: {fileID: 5375619695730952807, guid: 68da59d7e43ccb641a59f73727a830a8, type: 3}
      propertyPath: m_Name
      value: mode (1)
      objectReference: {fileID: 0}
    m_RemovedComponents: []
  m_SourcePrefab: {fileID: 100100000, guid: 68da59d7e43ccb641a59f73727a830a8, type: 3}
--- !u!4 &2094661291607619267 stripped
Transform:
  m_CorrespondingSourceObject: {fileID: 5375619695730952806, guid: 68da59d7e43ccb641a59f73727a830a8, type: 3}
  m_PrefabInstance: {fileID: 6308332485724568741}
  m_PrefabAsset: {fileID: 0}
--- !u!114 &2094661291607619268 stripped
MonoBehaviour:
  m_CorrespondingSourceObject: {fileID: 5375619695730952801, guid: 68da59d7e43ccb641a59f73727a830a8, type: 3}
  m_PrefabInstance: {fileID: 6308332485724568741}
  m_PrefabAsset: {fileID: 0}
  m_GameObject: {fileID: 0}
  m_Enabled: 1
  m_EditorHideFlags: 0
  m_Script: {fileID: 11500000, guid: b8f4dff4852baab4f8b664de3a255700, type: 3}
  m_Name: 
  m_EditorClassIdentifier: 
