%YAML 1.1
%TAG !u! tag:unity3d.com,2011:
--- !u!1 &3979051218770276314
GameObject:
  m_ObjectHideFlags: 0
  m_CorrespondingSourceObject: {fileID: 0}
  m_PrefabInstance: {fileID: 0}
  m_PrefabAsset: {fileID: 0}
  serializedVersion: 6
  m_Component:
  - component: {fileID: 3979051218770276317}
  - component: {fileID: 3979051218770276316}
  m_Layer: 0
  m_Name: Spawner3
  m_TagString: Faketon
  m_Icon: {fileID: 0}
  m_NavMeshLayer: 0
  m_StaticEditorFlags: 0
  m_IsActive: 1
--- !u!4 &3979051218770276317
Transform:
  m_ObjectHideFlags: 0
  m_CorrespondingSourceObject: {fileID: 0}
  m_PrefabInstance: {fileID: 0}
  m_PrefabAsset: {fileID: 0}
  m_GameObject: {fileID: 3979051218770276314}
  m_LocalRotation: {x: 0, y: 0, z: 0, w: 1}
  m_LocalPosition: {x: 2.56, y: 1.28, z: 0}
  m_LocalScale: {x: 1, y: 1, z: 1}
  m_Children:
  - {fileID: 1820096710476612229}
  m_Father: {fileID: 0}
  m_RootOrder: 0
  m_LocalEulerAnglesHint: {x: 0, y: 0, z: 0}
--- !u!114 &3979051218770276316
MonoBehaviour:
  m_ObjectHideFlags: 0
  m_CorrespondingSourceObject: {fileID: 0}
  m_PrefabInstance: {fileID: 0}
  m_PrefabAsset: {fileID: 0}
  m_GameObject: {fileID: 3979051218770276314}
  m_Enabled: 1
  m_EditorHideFlags: 0
  m_Script: {fileID: 11500000, guid: 518e274e823aa21439af41f7449206f1, type: 3}
  m_Name: 
  m_EditorClassIdentifier: 
  numberOfSpatialModes: 1
  spatialModes:
  - {fileID: 1820096710476612226}
  stateList:
  - numberOfQubits: 03000000
    proba: 1
    phase: 1
  _lineMaterial: {fileID: 2100000, guid: 8546f52d04bb69d4f89f18557675c3f9, type: 2}
--- !u!1001 &6041651404927650019
PrefabInstance:
  m_ObjectHideFlags: 0
  serializedVersion: 2
  m_Modification:
    m_TransformParent: {fileID: 3979051218770276317}
    m_Modifications:
    - target: {fileID: 5375619695730952801, guid: 68da59d7e43ccb641a59f73727a830a8, type: 3}
      propertyPath: owner
      value: 
      objectReference: {fileID: 3979051218770276316}
    - target: {fileID: 5375619695730952806, guid: 68da59d7e43ccb641a59f73727a830a8, type: 3}
      propertyPath: m_RootOrder
      value: 0
      objectReference: {fileID: 0}
    - target: {fileID: 5375619695730952806, guid: 68da59d7e43ccb641a59f73727a830a8, type: 3}
      propertyPath: m_LocalPosition.x
      value: 0
      objectReference: {fileID: 0}
    - target: {fileID: 5375619695730952806, guid: 68da59d7e43ccb641a59f73727a830a8, type: 3}
      propertyPath: m_LocalPosition.y
      value: 0
      objectReference: {fileID: 0}
    - target: {fileID: 5375619695730952806, guid: 68da59d7e43ccb641a59f73727a830a8, type: 3}
      propertyPath: m_LocalPosition.z
      value: 0
      objectReference: {fileID: 0}
    - target: {fileID: 5375619695730952806, guid: 68da59d7e43ccb641a59f73727a830a8, type: 3}
      propertyPath: m_LocalRotation.w
      value: 1
      objectReference: {fileID: 0}
    - target: {fileID: 5375619695730952806, guid: 68da59d7e43ccb641a59f73727a830a8, type: 3}
      propertyPath: m_LocalRotation.x
      value: -0
      objectReference: {fileID: 0}
    - target: {fileID: 5375619695730952806, guid: 68da59d7e43ccb641a59f73727a830a8, type: 3}
      propertyPath: m_LocalRotation.y
      value: -0
      objectReference: {fileID: 0}
    - target: {fileID: 5375619695730952806, guid: 68da59d7e43ccb641a59f73727a830a8, type: 3}
      propertyPath: m_LocalRotation.z
      value: -0
      objectReference: {fileID: 0}
    - target: {fileID: 5375619695730952806, guid: 68da59d7e43ccb641a59f73727a830a8, type: 3}
      propertyPath: m_LocalEulerAnglesHint.x
      value: 0
      objectReference: {fileID: 0}
    - target: {fileID: 5375619695730952806, guid: 68da59d7e43ccb641a59f73727a830a8, type: 3}
      propertyPath: m_LocalEulerAnglesHint.y
      value: 0
      objectReference: {fileID: 0}
    - target: {fileID: 5375619695730952806, guid: 68da59d7e43ccb641a59f73727a830a8, type: 3}
      propertyPath: m_LocalEulerAnglesHint.z
      value: 0
      objectReference: {fileID: 0}
    - target: {fileID: 5375619695730952807, guid: 68da59d7e43ccb641a59f73727a830a8, type: 3}
      propertyPath: m_Name
      value: mode
      objectReference: {fileID: 0}
    m_RemovedComponents: []
  m_SourcePrefab: {fileID: 100100000, guid: 68da59d7e43ccb641a59f73727a830a8, type: 3}
--- !u!4 &1820096710476612229 stripped
Transform:
  m_CorrespondingSourceObject: {fileID: 5375619695730952806, guid: 68da59d7e43ccb641a59f73727a830a8, type: 3}
  m_PrefabInstance: {fileID: 6041651404927650019}
  m_PrefabAsset: {fileID: 0}
--- !u!114 &1820096710476612226 stripped
MonoBehaviour:
  m_CorrespondingSourceObject: {fileID: 5375619695730952801, guid: 68da59d7e43ccb641a59f73727a830a8, type: 3}
  m_PrefabInstance: {fileID: 6041651404927650019}
  m_PrefabAsset: {fileID: 0}
  m_GameObject: {fileID: 0}
  m_Enabled: 1
  m_EditorHideFlags: 0
  m_Script: {fileID: 11500000, guid: b8f4dff4852baab4f8b664de3a255700, type: 3}
  m_Name: 
  m_EditorClassIdentifier: 
